@book{Milne_2017,
    place={Cambridge},
    series={Cambridge Studies in Advanced Mathematics},
    title={Algebraic Groups: The Theory of Group Schemes of Finite Type over a Field},
    publisher={Cambridge University Press},
    author={Milne, J. S.},
    year={2017},
    collection={Cambridge Studies in Advanced Mathematics}
}

@book{Cox_2011,
    place={Providence},
    series={Graduate Studies in Mathematics},
    title={Toric Varieties},
    publisher={American Mathematical Society},
    author={Cox, David A. and Little, John B. and Schenck, H. K.},
    year={2011},
    collection={Graduate Studies in Mathematics}
}
